[gd_scene load_steps=28 format=2]

[ext_resource path="res://assets/cube/cubee.tscn" type="PackedScene" id=1]
[ext_resource path="res://assets/path/enemy_path_root.gd" type="Script" id=2]
[ext_resource path="res://assets/camera/cam_root.gd" type="Script" id=3]
[ext_resource path="res://assets/cubee_builder/cubee_builder.gd" type="Script" id=4]
[ext_resource path="res://assets/cubee_builder/arrows.gd" type="Script" id=5]
[ext_resource path="res://audio/fx/click.wav" type="AudioStream" id=6]
[ext_resource path="res://audio/fx/swoosh.wav" type="AudioStream" id=7]
[ext_resource path="res://assets/gui/gui.gd" type="Script" id=8]
[ext_resource path="res://assets/font/TheArmory-Regular.otf" type="DynamicFontData" id=9]
[ext_resource path="res://audio/birds.wav" type="AudioStream" id=10]
[ext_resource path="res://audio/piano.ogg" type="AudioStream" id=11]
[ext_resource path="res://assets/esc.gd" type="Script" id=12]

[sub_resource type="Curve3D" id=1]

bake_interval = 0.2
_data = {
"points": PoolVector3Array(  ),
"tilts": PoolRealArray(  )
}
up_vector_enabled = true

[sub_resource type="PrismMesh" id=2]

custom_aabb = AABB( 0, 0, 0, 0, 0, 0 )
flip_faces = false
left_to_right = 0.0
size = Vector3( 2, 2, 2 )
subdivide_width = 0
subdivide_height = 0
subdivide_depth = 0

[sub_resource type="PrismMesh" id=3]

custom_aabb = AABB( 0, 0, 0, 0, 0, 0 )
flip_faces = false
left_to_right = 0.5
size = Vector3( 2, 2, 2 )
subdivide_width = 0
subdivide_height = 0
subdivide_depth = 0

[sub_resource type="VisualShaderNodeColorConstant" id=4]

output_port_for_preview = -1
constant = Color( 1, 0.46875, 0, 1 )

[sub_resource type="VisualShaderNodeScalarUniform" id=5]

output_port_for_preview = -1
uniform_name = "opacity"

[sub_resource type="VisualShader" id=6]

code = "shader_type spatial;
uniform float opacity;



void vertex() {
// Output:0

}

void fragment() {
// Color:2
	vec3 n_out2p0;
	float n_out2p1;
	n_out2p0 = vec3(1.000000,0.468750,0.000000);
	n_out2p1 = 1.000000;

// ScalarUniform:4
	float n_out4p0;
	n_out4p0 = opacity;

// Output:0
	ALBEDO = n_out2p0;
	ALPHA = n_out4p0;

}

void light() {
// Output:0

}
"
graph_offset = Vector2( -399, 178 )
mode = 0
modes/blend = 0
modes/cull = 0
modes/depth_draw = 0
modes/diffuse = 0
modes/specular = 0
flags/ambient_light_disabled = false
flags/depth_test_disable = false
flags/ensure_correct_normals = false
flags/shadows_disabled = false
flags/skip_vertex_transform = false
flags/unshaded = false
flags/vertex_lighting = false
flags/world_vertex_coords = false
nodes/vertex/0/position = Vector2( 400, 150 )
nodes/vertex/connections = PoolIntArray(  )
nodes/fragment/0/position = Vector2( 400, 150 )
nodes/fragment/2/node = SubResource( 4 )
nodes/fragment/2/position = Vector2( 120, 160 )
nodes/fragment/4/node = SubResource( 5 )
nodes/fragment/4/position = Vector2( 100, 340 )
nodes/fragment/connections = PoolIntArray( 2, 0, 0, 0, 4, 0, 0, 1 )
nodes/light/0/position = Vector2( 400, 150 )
nodes/light/connections = PoolIntArray(  )

[sub_resource type="ShaderMaterial" id=7]

render_priority = 0
shader = SubResource( 6 )
shader_param/opacity = null

[sub_resource type="ConvexPolygonShape" id=8]

margin = 0.04
points = PoolVector3Array( 0, 1, 1, 0, 1, -1, 0, 1, 1, 0, 1, -1, -1, -1, 1, 1, -1, -1, 1, -1, 1, -1, -1, -1, 0, 1, 1, 0, 1, -1, 0, 1, -1, 0, 1, 1, 1, -1, 1, -1, -1, -1, 1, -1, -1, -1, -1, 1, -1, -1, 1, 1, -1, 1, -1, -1, -1, 1, -1, -1 )

[sub_resource type="ShaderMaterial" id=9]

render_priority = 0
shader = SubResource( 6 )
shader_param/opacity = null

[sub_resource type="ConvexPolygonShape" id=10]

margin = 0.04
points = PoolVector3Array( 0, 1, 1, 0, 1, -1, 0, 1, 1, 0, 1, -1, -1, -1, 1, 1, -1, -1, 1, -1, 1, -1, -1, -1, 0, 1, 1, 0, 1, -1, 0, 1, -1, 0, 1, 1, 1, -1, 1, -1, -1, -1, 1, -1, -1, -1, -1, 1, -1, -1, 1, 1, -1, 1, -1, -1, -1, 1, -1, -1 )

[sub_resource type="ShaderMaterial" id=11]

render_priority = 0
shader = SubResource( 6 )
shader_param/opacity = null

[sub_resource type="ConvexPolygonShape" id=12]

margin = 0.04
points = PoolVector3Array( 0, 1, 1, 0, 1, -1, 0, 1, 1, 0, 1, -1, -1, -1, 1, 1, -1, -1, 1, -1, 1, -1, -1, -1, 0, 1, 1, 0, 1, -1, 0, 1, -1, 0, 1, 1, 1, -1, 1, -1, -1, -1, 1, -1, -1, -1, -1, 1, -1, -1, 1, 1, -1, 1, -1, -1, -1, 1, -1, -1 )

[sub_resource type="ShaderMaterial" id=13]

render_priority = 0
shader = SubResource( 6 )
shader_param/opacity = null

[sub_resource type="ConvexPolygonShape" id=14]

margin = 0.04
points = PoolVector3Array( 0, 1, 1, 0, 1, -1, 0, 1, 1, 0, 1, -1, -1, -1, 1, 1, -1, -1, 1, -1, 1, -1, -1, -1, 0, 1, 1, 0, 1, -1, 0, 1, -1, 0, 1, 1, 1, -1, 1, -1, -1, -1, 1, -1, -1, -1, -1, 1, -1, -1, 1, 1, -1, 1, -1, -1, -1, 1, -1, -1 )

[sub_resource type="DynamicFont" id=15]

size = 60
outline_size = 0
outline_color = Color( 1, 1, 1, 1 )
use_mipmaps = false
use_filter = true
font_data = ExtResource( 9 )

[node name="root" type="Spatial"]

[node name="path_blocks" type="Spatial" parent="."]

[node name="cubee" parent="." instance=ExtResource( 1 )]

[node name="enemy_path_root" type="Spatial" parent="."]
transform = Transform( 1, 0, 0, 0, 1, 0, 0, 0, 1, 0, 2, 0 )
script = ExtResource( 2 )

[node name="Path" type="Path" parent="enemy_path_root"]
curve = SubResource( 1 )

[node name="OrientedPathFollow" type="OrientedPathFollow" parent="enemy_path_root/Path"]
offset = 0.0
h_offset = 0.0
v_offset = 0.0
cubic_interp = true
loop = false

[node name="MeshInstance" type="MeshInstance" parent="enemy_path_root/Path/OrientedPathFollow"]
transform = Transform( 0.2, 0, 0, 0, 0.2, 0, 0, 0, 0.2, 0, 0, 0 )
layers = 1
material_override = null
cast_shadow = 1
extra_cull_margin = 0.0
use_in_baked_light = false
lod_min_distance = 0.0
lod_min_hysteresis = 0.0
lod_max_distance = 0.0
lod_max_hysteresis = 0.0
mesh = SubResource( 2 )
skeleton = NodePath("..")
material/0 = null

[node name="cam_root" type="Spatial" parent="."]
editor/display_folded = true
script = ExtResource( 3 )
smoothness = 10
sensitivity = 0.02

[node name="Camera" type="Camera" parent="cam_root"]
transform = Transform( 1, 0, 0, 0, 1, 0, 0, 0, 1, 0, 0, 16.0379 )
keep_aspect = 1
cull_mask = 1048575
environment = null
h_offset = 0.0
v_offset = 0.0
doppler_tracking = 0
projection = 0
current = false
fov = 70.0
size = 1.0
near = 0.05
far = 100.0

[node name="cubee_builder" type="Spatial" parent="."]
script = ExtResource( 4 )

[node name="x_plus" type="RayCast" parent="cubee_builder"]
enabled = true
exclude_parent = true
cast_to = Vector3( 4, 0, 0 )
collision_mask = 1
collide_with_areas = false
collide_with_bodies = true

[node name="x_minus" type="RayCast" parent="cubee_builder"]
enabled = true
exclude_parent = true
cast_to = Vector3( -4, 0, 0 )
collision_mask = 1
collide_with_areas = false
collide_with_bodies = true

[node name="z_plus" type="RayCast" parent="cubee_builder"]
enabled = true
exclude_parent = true
cast_to = Vector3( 0, 0, 4 )
collision_mask = 1
collide_with_areas = false
collide_with_bodies = true

[node name="z_minus" type="RayCast" parent="cubee_builder"]
enabled = true
exclude_parent = true
cast_to = Vector3( 0, 0, -4 )
collision_mask = 1
collide_with_areas = false
collide_with_bodies = true

[node name="arrows" type="Spatial" parent="cubee_builder"]
script = ExtResource( 5 )

[node name="x_plus" type="MeshInstance" parent="cubee_builder/arrows"]
transform = Transform( -2.18557e-008, 0.5, 0, 4.63785e-009, 2.02727e-016, 0.106102, 0.5, 2.18557e-008, -2.18557e-008, 2.5, 0.855991, 0 )
layers = 1
material_override = null
cast_shadow = 1
extra_cull_margin = 0.0
use_in_baked_light = false
lod_min_distance = 0.0
lod_min_hysteresis = 0.0
lod_max_distance = 0.0
lod_max_hysteresis = 0.0
mesh = SubResource( 3 )
skeleton = NodePath("..")
material/0 = SubResource( 7 )

[node name="x" type="StaticBody" parent="cubee_builder/arrows/x_plus"]
input_ray_pickable = true
input_capture_on_drag = false
collision_layer = 1
collision_mask = 1
constant_linear_velocity = Vector3( 0, 0, 0 )
constant_angular_velocity = Vector3( 0, 0, 0 )

[node name="CollisionShape" type="CollisionShape" parent="cubee_builder/arrows/x_plus/x"]
shape = SubResource( 8 )
disabled = false

[node name="x_minus" type="MeshInstance" parent="cubee_builder/arrows"]
transform = Transform( -2.18557e-008, -0.5, 4.63785e-009, 0, -2.18557e-008, -0.106102, 0.5, -2.18557e-008, 2.02727e-016, -2.5, 0.856, 0 )
layers = 1
material_override = null
cast_shadow = 1
extra_cull_margin = 0.0
use_in_baked_light = false
lod_min_distance = 0.0
lod_min_hysteresis = 0.0
lod_max_distance = 0.0
lod_max_hysteresis = 0.0
mesh = SubResource( 3 )
skeleton = NodePath("..")
material/0 = SubResource( 9 )

[node name="x_minus" type="StaticBody" parent="cubee_builder/arrows/x_minus"]
input_ray_pickable = true
input_capture_on_drag = false
collision_layer = 1
collision_mask = 1
constant_linear_velocity = Vector3( 0, 0, 0 )
constant_angular_velocity = Vector3( 0, 0, 0 )

[node name="CollisionShape" type="CollisionShape" parent="cubee_builder/arrows/x_minus/x_minus"]
shape = SubResource( 10 )
disabled = false

[node name="z_plus" type="MeshInstance" parent="cubee_builder/arrows"]
transform = Transform( 0.5, 0, 0, 0, -2.18557e-008, -0.106102, 0, 0.5, -4.63785e-009, 0, 0.856, 2.5 )
layers = 1
material_override = null
cast_shadow = 1
extra_cull_margin = 0.0
use_in_baked_light = false
lod_min_distance = 0.0
lod_min_hysteresis = 0.0
lod_max_distance = 0.0
lod_max_hysteresis = 0.0
mesh = SubResource( 3 )
skeleton = NodePath("..")
material/0 = SubResource( 11 )

[node name="z" type="StaticBody" parent="cubee_builder/arrows/z_plus"]
input_ray_pickable = true
input_capture_on_drag = false
collision_layer = 1
collision_mask = 1
constant_linear_velocity = Vector3( 0, 0, 0 )
constant_angular_velocity = Vector3( 0, 0, 0 )

[node name="CollisionShape" type="CollisionShape" parent="cubee_builder/arrows/z_plus/z"]
shape = SubResource( 12 )
disabled = false

[node name="z_minus" type="MeshInstance" parent="cubee_builder/arrows"]
transform = Transform( -0.5, -4.37114e-008, 4.05453e-016, 0, -2.18557e-008, -0.106102, 4.37114e-008, -0.5, 4.63785e-009, 0, 0.856, -2.5 )
layers = 1
material_override = null
cast_shadow = 1
extra_cull_margin = 0.0
use_in_baked_light = false
lod_min_distance = 0.0
lod_min_hysteresis = 0.0
lod_max_distance = 0.0
lod_max_hysteresis = 0.0
mesh = SubResource( 3 )
skeleton = NodePath("..")
material/0 = SubResource( 13 )

[node name="z_minus" type="StaticBody" parent="cubee_builder/arrows/z_minus"]
input_ray_pickable = true
input_capture_on_drag = false
collision_layer = 1
collision_mask = 1
constant_linear_velocity = Vector3( 0, 0, 0 )
constant_angular_velocity = Vector3( 0, 0, 0 )

[node name="CollisionShape" type="CollisionShape" parent="cubee_builder/arrows/z_minus/z_minus"]
shape = SubResource( 14 )
disabled = false

[node name="mouse_over" type="AudioStreamPlayer" parent="cubee_builder"]
stream = ExtResource( 6 )
volume_db = -16.568
pitch_scale = 1.0
autoplay = false
stream_paused = false
mix_target = 0
bus = "FX"

[node name="mouse_click" type="AudioStreamPlayer" parent="cubee_builder"]
stream = ExtResource( 7 )
volume_db = -10.147
pitch_scale = 3.0
autoplay = false
stream_paused = false
mix_target = 0
bus = "FX"

[node name="build_pause" type="Timer" parent="cubee_builder"]
process_mode = 1
wait_time = 0.2
one_shot = true
autostart = false

[node name="DirectionalLight" type="DirectionalLight" parent="."]
transform = Transform( -0.83508, -0.282431, -0.472095, -0.418579, 0.88306, 0.212125, 0.356977, 0.37475, -0.855646, 0, 5.34593, 0 )
layers = 1
light_color = Color( 1, 0.72549, 0.0745098, 1 )
light_energy = 1.0
light_indirect_energy = 1.0
light_negative = false
light_specular = 0.5
light_bake_mode = 1
light_cull_mask = -1
shadow_enabled = false
shadow_color = Color( 0, 0, 0, 1 )
shadow_bias = 0.1
shadow_contact = 0.0
shadow_reverse_cull_face = false
editor_only = false
directional_shadow_mode = 2
directional_shadow_split_1 = 0.1
directional_shadow_split_2 = 0.2
directional_shadow_split_3 = 0.5
directional_shadow_blend_splits = false
directional_shadow_normal_bias = 0.8
directional_shadow_bias_split_scale = 0.25
directional_shadow_depth_range = 0
directional_shadow_max_distance = 200.0

[node name="gui" type="Control" parent="."]
editor/display_folded = true
anchor_left = 0.0
anchor_top = 0.0
anchor_right = 1.0
anchor_bottom = 1.0
rect_pivot_offset = Vector2( 0, 0 )
rect_clip_content = false
mouse_filter = 2
mouse_default_cursor_shape = 0
size_flags_horizontal = 1
size_flags_vertical = 1
script = ExtResource( 8 )

[node name="length" type="Label" parent="gui"]
anchor_left = 0.5
anchor_top = 1.0
anchor_right = 0.5
anchor_bottom = 1.0
margin_left = -100.0
margin_top = -200.0
margin_right = 100.0
rect_min_size = Vector2( 200, 200 )
rect_pivot_offset = Vector2( 0, 0 )
rect_clip_content = false
mouse_filter = 2
mouse_default_cursor_shape = 0
size_flags_horizontal = 1
size_flags_vertical = 4
custom_fonts/font = SubResource( 15 )
text = "1"
align = 1
valign = 1
percent_visible = 1.0
lines_skipped = 0
max_lines_visible = -1

[node name="Tween" type="Tween" parent="gui"]
repeat = false
playback_process_mode = 1
playback_speed = 1.0
playback/active = false
playback/repeat = false
playback/speed = 1.0

[node name="birds" type="AudioStreamPlayer" parent="."]
stream = ExtResource( 10 )
volume_db = -35.0
pitch_scale = 1.0
autoplay = true
stream_paused = false
mix_target = 0
bus = "Master"

[node name="piano" type="AudioStreamPlayer" parent="."]
stream = ExtResource( 11 )
volume_db = -20.0
pitch_scale = 1.0
autoplay = true
stream_paused = false
mix_target = 0
bus = "Music"

[node name="esc" type="Node" parent="."]
script = ExtResource( 12 )

[connection signal="block_built" from="cubee_builder" to="enemy_path_root" method="_on_cubee_builder_block_built"]
[connection signal="block_built" from="cubee_builder" to="cam_root" method="_on_cubee_builder_block_built"]
[connection signal="block_removed" from="cubee_builder" to="enemy_path_root" method="_on_cubee_builder_block_removed"]
[connection signal="block_removed" from="cubee_builder" to="cam_root" method="_on_cubee_builder_block_removed"]
[connection signal="input_event" from="cubee_builder/arrows/x_plus/x" to="cubee_builder/arrows" method="_on_x_input_event"]
[connection signal="mouse_entered" from="cubee_builder/arrows/x_plus/x" to="cubee_builder/arrows" method="_on_x_mouse_entered"]
[connection signal="mouse_exited" from="cubee_builder/arrows/x_plus/x" to="cubee_builder/arrows" method="_on_x_mouse_exited"]
[connection signal="input_event" from="cubee_builder/arrows/x_minus/x_minus" to="cubee_builder/arrows" method="_on_x_minus_input_event"]
[connection signal="mouse_entered" from="cubee_builder/arrows/x_minus/x_minus" to="cubee_builder/arrows" method="_on_x_minus_mouse_entered"]
[connection signal="mouse_exited" from="cubee_builder/arrows/x_minus/x_minus" to="cubee_builder/arrows" method="_on_x_minus_mouse_exited"]
[connection signal="input_event" from="cubee_builder/arrows/z_plus/z" to="cubee_builder/arrows" method="_on_z_input_event"]
[connection signal="mouse_entered" from="cubee_builder/arrows/z_plus/z" to="cubee_builder/arrows" method="_on_z_mouse_entered"]
[connection signal="mouse_exited" from="cubee_builder/arrows/z_plus/z" to="cubee_builder/arrows" method="_on_z_mouse_exited"]
[connection signal="input_event" from="cubee_builder/arrows/z_minus/z_minus" to="cubee_builder/arrows" method="_on_z_minus_input_event"]
[connection signal="mouse_entered" from="cubee_builder/arrows/z_minus/z_minus" to="cubee_builder/arrows" method="_on_z_minus_mouse_entered"]
[connection signal="mouse_exited" from="cubee_builder/arrows/z_minus/z_minus" to="cubee_builder/arrows" method="_on_z_minus_mouse_exited"]
[connection signal="timeout" from="cubee_builder/build_pause" to="cubee_builder" method="_on_build_pause_timeout"]
